@Book{Six_facets,
author = {R. J. Rábago},
title = {MAJOR SYSTEMS ACQUISITION MANUAL},
publisher = {U.S.Department of Homeland Security},
year = {2001},
number = {5000.10B},
month = {11},
url = {https://www.uscg.mil/acquisition/newsroom/pdf/msam.pdf},
urldate = {2016-02-09},
}

@Manual{Casebook,
title = {Systems Engineering Cases and Instructions},
key = {TISYE1-10-003},
author = {Rune Hylsberg Jacobsen and Stefan Hallerstede},
organization = {Aarhus University Department of Engineering},
edition = {2.0},
month = {01},
year = {2016},
}

@Article{SINE_artikel,
author = {Rigspolitiet},
title = {CFB},
journal = {Center for Beredskabskommunikation},
year = {2013},
volume = {1},
month = {August},
url = {http://www.sikkerhedsnet.dk/media/1026/cfb_magasin_enkeltsider_2013.pdf},
urldate = {2016-02-09},
}


@online{BurstError,
author = {WiseGeek},
title = {What Is a Burst Error?},
year = {2016},
date = {},
url = {http://www.wisegeek.com/what-is-a-burst-error.htm},
urldate = {2016-03-23},
}

@misc{MATLABtblen,
author = {MathWorks, Inc.},
title = {Convolutionally decode binary data using Viterbi algorithm},
year = {2016},
date = {},
url = {http://www.mathworks.com/help/comm/ref/vitdec.html},
urldate = {2016-03-23},
}

@inbook{ECC-BOOK,
author = {Jorge Castiñeora Moreira and Patrick Guy Farrell},
title = {Essentials of Error-Control Coding},
chapter = {6. Convolutional Codes},
publisher = {John Wiley},
year = {2006},
note = {978-0-470-02920-6},
}

@article{tracebackLength,
author = {Muhammad Waqar Azhar and Magnus Själander and Hasan Ali and Akshay Vijayashekar and Tung Thanh Hoang and Kashan Khurshid Ansari and Per Larsson-Edefors},
title = {Viterbi Accelerator for Embedded Processor Datapaths},
publisher = {IEEE},
year = {2012},
month = {July},
}